@article{dts_hei,
author = {Lingaya, Sheila},
year = {2019},
month = {08},
pages = {},
title = {Towards a Bespoke Document Tracking System for Philippine Higher Educational Institutions},
volume = {8},
journal = {International Journal of Recent Technology and Engineering},
doi = {10.35940/ijrte.B2255.078219}
}

@article{perception_tracking, 
  title={Perceptions of using tracking and tracing systems in work environments}, 
  DOI={10.1007/978-3-030-77750-0_24}, 
  journal={HCI in Business, Government and Organizations}, 
  author={Jandl, Christian and Taurer, Florian and Hartner-Tiefenthaler, Martina and Wagner, Markus and Moser, Thomas and Schlund, Sebstian}, 
  year={2021}, 
  pages={384–-398},
}

@article{yu_hsi_kuo_2002, 
  title={Electronic payment systems: An analysis and comparison of types}, 
  volume={24}, 
  DOI={10.1016/s0160-791x(02)00012-x}, 
  number={3}, 
  journal={Technology in Society}, 
  author={Yu, Hsiao-Cheng and Hsi, Kuo-Hua and Kuco, Pei-Jen}, 
  year={2002}, 
  pages={331–-347},
} 

@inproceedings{qr_code,  
    author={Nseir, Sana and Hirzallah, Nael and Aqel, Musbah},  
    booktitle={2013 5th International Conference on Computer Science and Information Technology},   
    title={A secure mobile payment system using QR code},  
    year={2013},  
    volume={}, 
    number={},  
    pages={111--114},  
    doi={10.1109/CSIT.2013.6588767}
}

@misc{airspeed_2020, 
  title={How shipment tracking systems work - airspeed blog}, 
  url={https://airspeed.ph/blog/shipment-tracking-systems/.}, 
  journal={Airspeed},
  author= {Airspeed},
  year={2020}, 
  month={Feb},
} 

@misc{amadora_2021, 
  title={Shopee provides the winning formula for brands and small businesses to fast-track their successes in the Digital Space}, 
  url={https://mb.com.ph/2021/03/04/shopee-provides-the-winning-formula-for-brands-and-small-businesses-to-fast-track-their-successes-in-the-digital-space/}, 
  journal={Manila Bulletin}, 
  author={Amadora, Len}, 
  year={2021}, 
  month={Mar},
} 

@misc{emralino, 
  title={PROJECT DOTS (DOCUMENT TRACKING SYSTEM): ITS EFFECTS IN THE INTER-OFFICES IN THE SCHOOLS DIVISION OF PARAÑAQUE CITY}, 
  url={https://ejournals.ph/article.php?id=14080}, 
  journal={Philippine E-Journals}, 
  author={Emralino, J B},
  year={2010}
} 

@misc{felipe_mendez_2020, 
  title={No more queues: Duterte wants paperless government transactions}, 
  url={https://www.philstar.com/headlines/2020/07/28/2031057/no-more-queues-duterte-wants-paperless-government-transactions.}, 
  journal={Philstar.com}, 
  publisher={Philstar.com}, 
  author={Felipe, Cecille Suerte and Mendez, Christina}, 
  year={2020}, 
  month={Jul},
} 

@misc{ra945, 
  title={Republic Act No. 9485: GovPH}, 
  url={https://www.officialgazette.gov.ph/2007/06/02/republic-act-no-9485}, 
  journal={Official Gazette of the Republic of the Philippines}, 
  year={2007}, 
  month={Jun},
  author = {{Thirteenth Congress of the Philippines}},
} 

@misc{pobre_2021, 
  title={10 e-wallets in the Philippines you can use to pay bills hassle-free}, 
  url={https://thesmartlocal.com/philippines/ewallets/}, 
  journal={TheSmartLocal Philippines - Travel, Lifestyle, Culture & Language Guide}, 
  author={Pobre, Addie}, 
  year={2021}, 
  month={Jun},
} 

@misc{up_privacy_personnel, 
  url={https://privacy.up.edu.ph/privacy-notices/Privacy%20Notice%20for%20UP%20Personnel.pdf},
  title={Privacy Notice for University of the Philippines Personnel},
  publisher={UP System},
  month={October},
  year={2019},\
} 
 
@misc{studio_brand, 
  title={The driving force behind Lazada Logistics}, 
  url={https://www.channelnewsasia.com/advertorial/driving-force-behind-lazada-logistics-2173491}, 
  journal={CNA}, 
  year ={2021},
  author={Studio Brand},
}

@misc{sueno, 
  title={UP Docutrak: An Assessment of an In-house Developed Document Tracking System (DTS)}, 
  url={https://journals.upd.edu.ph/index.php/jpl/article/view/1967}, 
  journal={Journal of Philippine Librarianship}, 
  author={Sueño, Bernadette D.},
  year= {2009}
} 

@misc{UP_DTS, 
  title={The UP document tracking system (DTS): University of the Philippines Information Technology Development Center}, 
  url={https://itdc.up.edu.ph/news/the-up-document-tracking-system-dts},
  year={2020},
  month={April},
  day={21},
  journal={The UP Document Tracking System (DTS) | University of the Philippines Information Technology Development Center},
  author={{UP Information Technology Development Center}},
} 
@misc{UP_Privacy_stud, 
  title={University of the Philippines (UP) Privacy Notice for Students (Revised as of the 1st Aemester/Trimester 2019-2020)}, 
  url={https://privacy.up.edu.ph/privacy-notices/ups-privacy-notice-for-students.html}, 
  journal={UP PRIVACY POLICIES - PRIVACY NOTICE FOR STUDENTS},
  year={2019},
} 
@misc{waybill, 
  title={Waybill definition and meaning: Collins english dictionary}, 
  url={https://www.collinsdictionary.com/dictionary/english/waybill}, 
  journal={Waybill definition and meaning | Collins English Dictionary}, 
  publisher={HarperCollins Publishers Ltd},
  author={{Collins English Dictionary}},
  year={2010}
} 

@misc{zoleta_2021, 
  title={15 Best Digital, Mobile, and online banks in the Philippines}, 
  url={https://grit.ph/online-banking/}, 
  journal={Grit PH}, 
  publisher={Grit PH}, 
  author={Zoleta, Venus}, 
  year={2021}, 
  month={Jul},
  } 
  
@misc{camposano_2020,
  author        = "Camposano, Clement C.",
  title         = "Memo No.CCC 2021-08-043 - Use of UP DRS",
  address       = "University of the Philippines Visayas, Miagao, Iloilo",
  year          = "2021",
  month ="August",
  day="26",

}
